%% This BibTeX bibliography file was created using BibDesk.
%% http://bibdesk.sourceforge.net/

%% Created for Leo Wang at 2016-10-28 13:34:51 -0400 


%% Saved with string encoding Unicode (UTF-8) 



@webpage{github,
	Date-Added = {2016-10-28 02:56:00 +0000},
	Date-Modified = {2016-10-28 02:56:08 +0000},
	Lastchecked = {Thursday, October 27, 2016},
	Title = {https://github.com/commaai/research},
	Bdsk-Url-1 = {https://github.com/commaai/research}}

@article{comma.ai,
	Author = {Eder Santana and George Hotz},
	Bibsource = {dblp computer science bibliography, http://dblp.org},
	Biburl = {http://dblp.uni-trier.de/rec/bib/journals/corr/SantanaH16},
	Date-Added = {2016-10-27 09:05:38 +0000},
	Date-Modified = {2016-10-27 09:05:57 +0000},
	Journal = {CoRR},
	Timestamp = {Fri, 02 Sep 2016 17:46:24 +0200},
	Title = {Learning a Driving Simulator},
	Url = {http://arxiv.org/abs/1608.01230},
	Volume = {abs/1608.01230},
	Year = {2016},
	Bdsk-Url-1 = {http://arxiv.org/abs/1608.01230}}

@webpage{google,
	Date-Added = {2016-10-27 08:54:27 +0000},
	Date-Modified = {2016-10-27 09:01:48 +0000},
	Lastchecked = {Thursday, October 27, 2016},
	Title = {https://www.google.com/selfdrivingcar/},
	Bdsk-Url-1 = {https://www.google.com/selfdrivingcar/}}
